% This file was created with JabRef 2.6.
% Encoding: UTF8

%1
@article{1,
title={Combination therapy in combating cancer},
author={Bayat Mokhtari, Reza and Homayouni, Tina S and Baluch, Narges and Morgatskaya, Evgeniya and Kumar, Sushil and Das, Bikul and Yeger, Herman},
journal={Oncotarget},
volume={8},
number={23},
pages={38022--38043},
year={2017}
}

%2
@article{2,
  title={The Use of Drugs in Combination for the Treatment of Cancer — Rationale and Results},
  author={DeVita, Vincent T. and Schein, Philip S.},
  journal={The New England Journal of Medicine},
  volume={288},
  number={19},
  pages={998--1006},
  year={1973},
  doi={10.1056/NEJM197305102881905}
}

%3
@article{3,
title={Molecular profiling of cancer patients enables personalized combination therapy: the I-PREDICT study},
author={Sicklick, Jason K and Kato, Shumei and Okamura, Ryosuke and Schwaederle, Maria and Hahn, Michael E and Williams, Casey B and DePradip, Aymeric and Krie, Amy and Piccioni, David E and Miller, Vincent A and Ross, Jeffrey S and Benson, Adam and Webster, Jennifer and Stephens, Philip J and Lee, J Jack and Fanta, Paul T and Lippman, Scott M and Leyland-Jones, Brian and Kurzrock, Razelle},
journal={Nature medicine},
volume={25},
number={5},
pages={744--750},
year={2019},
publisher={Nature Publishing Group}
}

%4
@article{4,
  title={Mechanisms of drug combinations: interaction and network perspectives},
  author={Jia, Jia and Zhu, Feng and Ma, Xiaohua and Cao, Zhiwei and Li, Yixue and Chen, Yu Zong},
  journal={Nature reviews. Drug discovery},
  volume={8},
  number={2},
  pages={111--128},
  year={2009},
  publisher={Nature Publishing Group}
}

%5
@article{5,
title={Effect of tolerance on the evolution of antibiotic resistance under drug combinations},
author={Liu, Jiafeng and Gefen, Orit and Ronin, Irine and BarMeir, Maskit and Balaban, Nathalie Q},
journal={Science (New York, N.Y.)},
volume={367},
number={6474},
pages={200--304},
year={2020}
}

%6
@article{6,
title={Analysis of drug combinations: current methodological landscape},
author={Foucquier, Julie and Guedj, Mickael},
journal={Pharmacology research & perspectives},
volume={3},
number={3},
pages={e00149},
year={2015}
}

%7
@article{7,
title={Searching for Drug Synergy in Complex Dose–Response Landscapes Using an Interaction Potency Model},
author={Yadav, Bhagwan and Wennerberg, Krister and Aittokallio, Tero and Tang, Jing},
journal={Computational and Structural Biotechnology Journal},
volume={13},
number={C},
year={2015},
pages={504--513},
publisher={Elsevier}
}

%8
@article{8,
title={Effects of Combined Drug Therapy on Metastatic Cancer of the Testis},
author={Li, Min C. and Whitmore, Willet F. and Golbey, Robert and Grabstald, Harry},
journal={JAMA: The Journal of the American Medical Association},
volume={174},
number={10},
pages={1291--1299},
year={1960}
}

%9
@article{9,
title={A critical evaluation of in vitro cell culture models for high-throughput drug screening and toxicity},
author={Astashkina, Anna and Mann, Brenda and Grainger, David W.},
journal={Pharmacology & therapeutics},
volume={134},
number={1},
pages={82--106},
year={2012}
}

%10
@article{10,
  title={Impact of high-throughput screening in biomedical research},
  author={Macarron, Ricardo and Banks, Martyn N and Bojanic, Dejan and Burns, David J and Cirovic, Dragan A and Garyantes, Tina and Green, Darren V S and Hertzberg, Robert P and Janzen, William P and Paslay, Jeff W and Schopfer, Ulrich and Sittampalam, G Sitta},
  journal={Nature reviews. Drug discovery},
  volume={10},
  number={3},
  pages={188--195},
  year={2011},
  publisher={Nature Publishing Group},
  doi={10.1038/nrd3368},
  PMID={21358738}
}

%11
@article{11,
title={Network-based prediction of drug combinations},
author={Cheng, Feixiong and Kovács, István A. and Barabási, Albert-László},
journal={Nature Communications},
volume={10},
number={1},
pages={1806},
year={2019},
publisher={Nature Publishing Group}
}

%12
@article{12,
  title={H-RACS: a handy tool to rank anti-cancer synergistic drugs},
  author={Yan, Xinmiao and Yang, Yiyan and Chen, Zikun and Yin, Zuojing and Deng, Zeliang and Qiu, Tianyi and Tang, Kailin and Cao, Zhiwei},
  journal={Aging},
  volume={12},
  number={21},
  pages={21504--21517},
  year={2020},
  publisher={Impact Journals, LLC},
  doi={10.18632/aging.103925},
  pmid={33173014},
  pmcid={PMC7695372}
}

%13
@article{13,
title={DeepSynergy: predicting anti-cancer drug synergy with Deep Learning},
author={Preuer, Kristina and Lewis, Richard P I and Hochreiter, Sepp and Bender, Andreas and Bulusu, Krishna C and Klambauer, G{"u}nter},
journal={Bioinformatics (Oxford, England)},
volume={34},
number={9},
pages={1538--1546},
year={2018}
}

%14
@article{14,
  title={Toward more realistic drug-target interaction predictions},
  author={Pahikkala, Tapio and Airola, Antti and Pietil{\"a}, Sami and et al.},
  journal={Briefings in Bioinformatics},
  volume={16},
  number={2},
  pages={325--337},
  year={2015},
  doi={10.1093/bib/bbu010}
}

%15
@phdthesis{15,
title={Computational models for differential methylation analysis and anticancer drug sensitivity prediction},
author={Zhang, Naiqian},
year={2016},
school={Shanghai Normal University},
address = {Shanghai}
}

%16
@article{16,
title={Drug combination sensitivity scoring facilitates the discovery of synergistic and efficacious drug combinations in cancer},
author={Malyutina, Alena and Majumder, Mrinmoyee and Wang, Wei and et al.},
journal={PLOS Computational Biology},
volume={15},
number={5},
year={2019},
pages={e1006752},
publisher={Public Library of Science}
}

%17
@article{17,
  title={An unbiased oncology compound screen to identify novel combination strategies},
  author={O’Neil, J and Benita, Y and Feldman, I and Chenard, M and Roberts, B and Liu, Y and Li, J and Kral, A and Lejnine, S and Loboda, A and Arthur, W},
  journal={Molecular Cancer Therapeutics},
  volume={15},
  number={6},
  pages={1155--1162},
  year={2016},
  publisher={AACR}
}


%18
@article{18,
  title={Leveraging multi-way interactions for systematic prediction of pre-clinical drug combination effects},
  author={Julkunen, Heli and Cichonska, Anna and Gautam, Prson and Szedmak, Sandor and Douat, Jane and Pahikkala, Tapio and Aittokallio, Tero and Rousu, Juho},
  journal={Nature Communications},
  volume={11},
  number={1},
  pages={6136},
  year={2020},
  publisher={Nature Publishing Group}
}


%19
@phdthesis{19,
  title={差异甲基化分析和抗癌药物敏感性预测中的计算模型},
  author={张乃千},
  year={2016},
  pages={41--42},
  school={上海师范大学},
  address = {上海}
}

%20
@phdthesis{20,
author={李泽军},
title={河南省现代农业发展评价及对策研究},
school={大连海洋大学},
address = {大连},
year={2022},
pages={6136},
doi={10.27821/d.cnki.gdlhy.2022.000221}
}

%21
@article{21,
title={基于分子指纹相似性的药物-药物网络},
author={叶浩 and 唐凯临 and 李亦学},
journal={华东理工大学学报(自然科学版)},
volume={38},
number={03},
pages={301-306},
year={2012},
doi={10.14135/j.cnki.1006-3080.2012.03.002}
}

%22
@phdthesis{22,
title={基于深度学习的协同抗癌药物组合分类研究},
author={庄驰},
school={南京理工大学},
address = {南京},
year={2021},
doi={10.27241/d.cnki.gnjgu.2021.001154}
}

%23
@inproceedings{23,
  title={Estimations of Confidence Intervals for Six Common Similarity Indices by Numerical Simulations},
  author={Yang, Z. and Wang, R. and Shi, B. and others},
  booktitle={Proceedings of the 39th Chinese Control Conference},
  year={2020},
  pages={6},
  organization={Technical Committee on Control Theory, Chinese Association of Automation; Chinese Association of Automation; Systems Engineering Society of China},
  doi={10.26914/c.cnkihy.2020.038272}
}


%24
@phdthesis{24,
author={Khokhar, S. M.},
title={Nonlinear Optimization and Dimensional Reduction Via Spearman Correlation Analysis},
school={Jiangsu University},
address = {Nanjing},
year={2020},
doi={10.27170/d.cnki.gjsuu.2020.000599}
}

%25
@article{25,
title={基于留一交叉验证法的APSIM-Maize产量模拟},
author={杨雪宁 and 张永强 and 张选泽},
journal={作物学报},
pages={1-8},
year={2023},
url={http://kns.cnki.net/kcms/detail/11.1809.S.20230427.1347.002.html}
}

%26
@article{26,
title={A randomized phase IIIB trial of chemotherapy, bevacizumab, and panitumumab compared with chemotherapy and bevacizumab alone for metastatic colorectal cancer},
author={Hecht, J. R. and et al.},
journal={Journal of Clinical Oncology},
volume={27},
pages={672--676},
year={2009}
}

%27
@inbook{27,
  author = {Ferreira, D. and others},
  title = {The importance of cancer cell lines as in vitro models in cancer methylome analysis and anticancer drugs testing},
  booktitle = {Oncogenomics and Cancer Proteomics – Novel Approaches in Biomarkers Discovery and Therapeutic Targets in Cancer},
  editor = {López-Camarillo, C.},
  year = {2013},
  publisher = {InTech},
  address = {London},
  pages = {139--155},
}

%28
@article{28,
  title={PRODeepSyn: predicting anticancer synergistic drug combinations by embedding cell lines with protein–protein interaction network},
  author={Wang, Xiaowen and Zhu, Hongming and Jiang, Yizhi and Li, Yulong and Tang, Chen and Chen, Xiaohan and Li, Yunjie and Liu, Qi and Liu, Qin},
  journal={Briefings in Bioinformatics},
  volume={23},
  number={2},
  pages={bbab587},
  year={2022},
  doi={10.1093/bib/bbab587},
  publisher={Oxford University Press}
}

%29
@article{29,
  title={Visualizing Data using t-SNE},
  author={Laurens van der Maaten, Geoffrey Hinton},
  journal={Journal of Machine Learning Research},
  volume={9},
  year={2008},
  month={11},
  publisher={Journal of Machine Learning Research},
  pages = {2581--2584}
}